@misc{svpypi,
    author    = "PyPI - SMOTE-variants",
    title     = "\href{https://pypi.org/project/smote-variants/}{smote-variants 0.4.0}",
    url       = "https://pypi.org/project/smote-variants/"
}

@misc{skclean,
    author    = "Shihab Shahriar Khan",
    title     = "\href{https://scikit-clean.readthedocs.io/en/latest/examples/Introduction%20to%20Scikit-clean.html}{Introduction to Scikit-clean}",
    url       = "https://scikit-clean.readthedocs.io/en/latest/examples/Introduction%20to%20Scikit-clean.html"
}

@misc{skclean2,
    author    = "PyPI",
    title     = "\href{https://scikit-clean.readthedocs.io/en/latest/examples/Introduction%20to%20Scikit-clean.html}{scikit-clean 0.1.2} ",
    url       = "https://scikit-clean.readthedocs.io/en/latest/examples/Introduction%20to%20Scikit-clean.html"
}

@misc{imb,
    author    = "V. LÃ³pez. A. Fernandez. S. Garcia. V. Palade and F. Herrera",
    title     = "\href{https://sci2s.ugr.es/imbalanced}{An Insight into Classification with Imbalanced Data: Empirical Results and Current Trends on Using Data Intrinsic Characteristics}",
    url       = "https://sci2s.ugr.es/imbalanced"
}

@misc{noisy,
    author    = "Soft Computing and Intelligent Information Systems.
A University of Granada research group",
    title     = "\href{https://sci2s.ugr.es/noisydata}{Noisy Data in Data Mining}",
    url       = "https://sci2s.ugr.es/noisydata"
}

